<record><leader>00000cas a2200000 a 4500</leader><controlfield tag="001">13870734</controlfield><controlfield tag="008">860715d18251827kyuwr ne      0    0eng d</controlfield><datafield ind1=" " ind2=" " tag="010"><subfield code="a">sn 86069278 </subfield></datafield><datafield ind1=" " ind2=" " tag="040"><subfield code="a">KNP</subfield><subfield code="b">eng</subfield><subfield code="c">KNP</subfield><subfield code="d">OCL</subfield><subfield code="d">OCLCQ</subfield><subfield code="d">OCLCF</subfield><subfield code="d">OCLCO</subfield></datafield><datafield ind1=" " ind2=" " tag="042"><subfield code="a">msc</subfield></datafield><datafield ind1=" " ind2=" " tag="043"><subfield code="a">n-us-ky</subfield></datafield><datafield ind1="0" ind2=" " tag="130"><subfield code="a">Western herald (Bardstown, Ky. : 1825)</subfield></datafield><datafield ind1="1" ind2="0" tag="245"><subfield code="a">Western herald.</subfield></datafield><datafield ind1=" " ind2=" " tag="260"><subfield code="a">Bardstown, Ky. :</subfield><subfield code="b">N. Wickliffe &amp; S. Railey</subfield></datafield><datafield ind1=" " ind2=" " tag="300"><subfield code="a">v.</subfield></datafield><datafield ind1=" " ind2=" " tag="310"><subfield code="a">Weekly</subfield></datafield><datafield ind1="1" ind2=" " tag="362"><subfield code="a">Began in 1825; ceased in Dec. 1827?</subfield></datafield><datafield ind1=" " ind2=" " tag="588"><subfield code="a">Description based on: Vol. 1, no. 31 (July 6, 1825).</subfield></datafield><datafield ind1=" " ind2="0" tag="651"><subfield code="a">Bardstown (Ky.)</subfield><subfield code="v">Newspapers.</subfield></datafield><datafield ind1=" " ind2="0" tag="651"><subfield code="a">Nelson County (Ky.)</subfield><subfield code="v">Newspapers.</subfield></datafield><datafield ind1=" " ind2="7" tag="655"><subfield code="a">Newspapers.</subfield><subfield code="2">fast</subfield><subfield code="0">(OCoLC)fst01423814</subfield></datafield><datafield ind1=" " ind2="7" tag="651"><subfield code="a">Kentucky</subfield><subfield code="z">Bardstown.</subfield><subfield code="2">fast</subfield><subfield code="0">(OCoLC)fst01214661</subfield></datafield><datafield ind1=" " ind2="7" tag="651"><subfield code="a">Kentucky</subfield><subfield code="z">Nelson County.</subfield><subfield code="2">fast</subfield><subfield code="0">(OCoLC)fst01203044</subfield></datafield><datafield ind1=" " ind2=" " tag="752"><subfield code="a">United States</subfield><subfield code="b">Kentucky</subfield><subfield code="c">Nelson</subfield><subfield code="d">Bardstown.</subfield></datafield><datafield ind1="0" ind2="0" tag="785"><subfield code="t">Bardstown western herald</subfield><subfield code="w">(DLC)sn 83020624</subfield></datafield></record>